
@article{ml_using_gaussian_process,
title={Machine learning of linear differential equations using Gaussian processes},
Authors = {Raissi, M., Perdikaris, P., & Karniadakis, G. E},
year = {2017},
publisher = {Journal of computational physics}},

@article{emulation_using_NN,
title ={Massive computational acceleration by using neural networks to emulate mechanism-based biological models},
Authors= {Shangying Wang, Kai Fan, Nan Luo, Yangxiaolu Cao, Feilun Wu, Carolyn Zhang, Katherine A. Heller & Lingchong You},
year={2019},
publisher = {Nature}},

@article{Long_short_term_memory,
title = {Long short-term memory},
Authors = {Sepp Hochreiter, JÃ¼rgen Schmidhuber},
year = {1997}, 
publisher = { Neural Computation}}

